<record><leader>00000cas a2200000 a 4500</leader><controlfield tag="001">11364028</controlfield><controlfield tag="008">841108d18711942ksuwr ne      0    0eng d</controlfield><datafield ind1=" " ind2=" " tag="010"><subfield code="a">sn 84027634 </subfield></datafield><datafield ind1=" " ind2=" " tag="040"><subfield code="a">NPU</subfield><subfield code="b">eng</subfield><subfield code="c">NPU</subfield><subfield code="d">NPT</subfield><subfield code="d">NPX</subfield><subfield code="d">OCL</subfield><subfield code="d">OCLCQ</subfield></datafield><datafield ind1=" " ind2=" " tag="042"><subfield code="a">msc</subfield></datafield><datafield ind1="0" ind2="0" tag="245"><subfield code="a">South Kansas tribune.</subfield></datafield><datafield ind1=" " ind2=" " tag="260"><subfield code="a">Independence, Kan. :</subfield><subfield code="b">Tribune Print. Co.,</subfield><subfield code="c">1871-1942.</subfield></datafield><datafield ind1=" " ind2=" " tag="300"><subfield code="a">72 v. :</subfield><subfield code="b">ill. ;</subfield><subfield code="c">65 cm.</subfield></datafield><datafield ind1=" " ind2=" " tag="310"><subfield code="a">Weekly</subfield></datafield><datafield ind1="0" ind2=" " tag="362"><subfield code="a">Vol. 1, no. 1 (Mar. 8, 1871)- ; -72nd year, no. 23 (Aug. 27, 1942).</subfield></datafield><datafield ind1=" " ind2=" " tag="500"><subfield code="a">Proprietors: W.T. &amp; C. Yoe, &lt;1876&gt;.</subfield></datafield><datafield ind1=" " ind2=" " tag="500"><subfield code="a">"Republican."</subfield></datafield><datafield ind1=" " ind2=" " tag="752"><subfield code="a">United States</subfield><subfield code="b">Kansas</subfield><subfield code="c">Montgomery</subfield><subfield code="d">Independence.</subfield></datafield></record>